@article{scikit-learn,
  title   = {Scikit-learn: Machine Learning in {P}ython},
  author  = {Pedregosa, F. and Varoquaux, G. and Gramfort, A. and Michel, V.
         and Thirion, B. and Grisel, O. and Blondel, M. and Prettenhofer, P.
         and Weiss, R. and Dubourg, V. and Vanderplas, J. and Passos, A. and
         Cournapeau, D. and Brucher, M. and Perrot, M. and Duchesnay, E.},
  journal = {Journal of Machine Learning Research},
  volume  = {12},
  pages   = {2825--2830},
  year    = {2011}
}

@article{durgesh2010data,
  title   = {Data classification using support vector machine},
  author  = {Durgesh, K SRIVASTAVA and Lekha, B},
  journal = {Journal of theoretical and applied information technology},
  volume  = {12},
  number  = {1},
  pages   = {1--7},
  year    = {2010}
}

@misc{Dua:2019,
  author      = {Dua, Dheeru and Graff, Casey},
  year        = {2017},
  title       = {{UCI} Machine Learning Repository},
  url         = {http://archive.ics.uci.edu/ml},
  institution = {University of California, Irvine, School of Information and Computer Sciences}
}

@article{cortes1995support,
  title   = {Support vector machine},
  author  = {Cortes, Corinna and Vapnik, Vladimir},
  journal = {Machine learning},
  volume  = {20},
  number  = {3},
  pages   = {273--297},
  year    = {1995}
}
