@article{scikit-learn,
  title   = {Scikit-learn: Machine Learning in {P}ython},
  author  = {Pedregosa, F. and Varoquaux, G. and Gramfort, A. and Michel, V.
         and Thirion, B. and Grisel, O. and Blondel, M. and Prettenhofer, P.
         and Weiss, R. and Dubourg, V. and Vanderplas, J. and Passos, A. and
         Cournapeau, D. and Brucher, M. and Perrot, M. and Duchesnay, E.},
  journal = {Journal of Machine Learning Research},
  volume  = {12},
  pages   = {2825--2830},
  year    = {2011}
}

@article{kingsford2008decision,
  title     = {What are decision trees?},
  author    = {Kingsford, Carl and Salzberg, Steven L},
  journal   = {Nature biotechnology},
  volume    = {26},
  number    = {9},
  pages     = {1011--1013},
  year      = {2008},
  publisher = {Nature Publishing Group}
}
